@inproceedings{Lamport96,
	title={\LaTeX{}. A document preparation system. User's Guide and Reference Manual},
	author={Leslie Lamport and Duane Bibby},
	year={1996},
	url={https://api.semanticscholar.org/CorpusID:60579462}
}
@book{TheTexBook,
	title={Все про \TeX{}},
	author={Дональд Эрвин Кнут},
	pagetotal={560},
	isbn={5-8459-0382-3},
	publisher={Вильямс},
	address={Москва},
	year={2003}
}
@online{ctan-disser-mipt,
	author={Екатерина Татаринович},
	url={https://www.ctan.org/pkg/disser},
	title={disser – Class and templates for typesetting dissertations in Russian},
	organization={CTAN},
	urldate = {2023-08-27}
}
@misc{RAS-latex,
	title = {LaTex шаблон Трудов Института системного программирования РАН},
	year = {2020},
	publisher = {GitHub},
	journal = {GitHub repository},
	howpublished = {\url{https://github.com/ispras/proceedings/commits/master}},
	commit = {43038b5bdc167256647f4badbf6758e397c2ae97}
}
@online{latex-wikibooks,
	url={https://en.wikibooks.org/wiki/LaTeX},
	title={\LaTeX{}},
	organization={Wikimedia project},
	urldate = {2023-08-27}
}
@online{latex-overleaf,
	url={https://www.overleaf.com/learn},
	title={Documentation - Overleaf, Online LaTeX Editor},
	organization={Overleaf},
	urldate = {2023-08-27}
}
@online{CTAN,
	url={https://www.ctan.org/},
	title={The Comprehensive \TeX Archive Network},
	organization={CTAN},
	urldate = {2023-08-27}
}
@book{ПособиеLatex,
	title={Издательская система \LaTeX{}: учебное пособие},
	author={Журенков, Олег Викторович},
	pagetotal={166},
	year={2021},
	isbn={978-5-7904-2576-9},
	publisher={Алтайский государственный университет},
	address={Барнаул}
}
@online{npp,
	url={https://notepad-plus-plus.org/downloads/},
	title={Downloads | Notepad++},
	urldate = {2023-08-27}
}
@online{ctan-standard-latex-classes,
	url={https://ctan.org/topic/class},
	title={CTAN: Class},
	urldate = {2023-08-27}
}
@online{wikibooks-document-structure,
	url={https://en.wikibooks.org/wiki/LaTeX/Document_Structure},
	title={LaTeX/Document Structure - Wikibooks, open books for an open world},
	organization={Wikimedia project},
	urldate = {2023-08-27}
}
@online{wikibooks-mathematics,
	url={https://en.wikibooks.org/wiki/LaTeX/Mathematics},
	title={LaTeX/Mathematics - Wikibooks, open books for an open world},
	organization={Wikimedia project},
	urldate = {2023-08-27}
}
@online{wikibooks-advanced-mathematics,
	url={https://en.wikibooks.org/wiki/LaTeX/Advanced_Mathematics},
	title={LaTeX/Advanced Mathematics - Wikibooks, open books for an open world},
	organization={Wikimedia project},
	urldate = {2023-08-27}
}
@online{oeis-mathematical-symbols,
	url={https://oeis.org/wiki/List_of_LaTeX_mathematical_symbols},
	title={List of LaTeX mathematical symbols},
	organization={Online Encyclopedia of Integer Sequences},
	urldate = {2023-08-27}
}
@online{latex-mathematical-symbols-pdf,
	url={https://www.cmor-faculty.rice.edu/~heinken/latex/symbols.pdf},
	title={LaTeX Mathematical symbols},
	urldate = {2023-08-27}
}
@article{ComprehensiveLateXSymbolList,
	title={The Comprehensive \LaTeX{} Symbol List},
	author={Skott Pakin},
	pagetotal={422},
	year={2021},
	url={http://tug.ctan.org/info/symbols/comprehensive/symbols-a4.pdf}
}
@techreport{PostScript-Language-Reference-3,
	title={PostScript Language Reference},
	edition={3},
	institution={Adobe Systems Incorporated},
	publisher={Addison-Wesley Publishing Company},
	pagetotal={912},
	year={1999},
	url={https://www.adobe.com/jp/print/postscript/pdfs/PLRM.pdf},
	isbn={0-201-37922-8},
	address={Reading, Massachusetts}
}
@online{inkscape,
	url={https://inkscape.org/},
	title={Draw Freely | Inkscape},
	urldate = {2023-08-27}
}
@online{tikz-website,
	url={https://tikz.dev/},
	title={PGF/TikZ Manual - Complete Online Documentation},
	urldate = {2023-08-27}
}
@online{tikz-ctan,
	url={https://www.ctan.org/pkg/pgf},
	title={CTAN: Package pgf},
	urldate = {2023-08-27}
}
@online{tablesgenerator,
	url={https://www.tablesgenerator.com/},
	title={Create LaTeX tables online – TablesGenerator.com},
	urldate = {2023-08-27}
}
@techreport{hhline,
	author={David Carlisle},
	url={https://mirror.macomnet.net/pub/CTAN/macros/latex/required/tools/hhline.pdf},
	title={The hhline package},
	urldate = {2023-08-27},
	institution={LaTeX Project Team},
	publisher={LaTeX Project Team},
	pagetotal={4},
	year={2020},
	edition={v2.04}
}
@techreport{tabulary,
	author={David Carlisle},
	url={https://mirrors.mi-ras.ru/CTAN/macros/latex/contrib/tabulary/tabulary.pdf},
	title={The tabulary package},
	urldate = {2023-08-27},
	institution={LaTeX Project Team},
	publisher={LaTeX Project Team},
	pagetotal={20},
	year={2014},
	edition={v0.10}
}
@techreport{tabularx,
	author={David Carlisle},
	url={https://mirror.macomnet.net/pub/CTAN/macros/latex/required/tools/tabularx.pdf},
	title={The tabularx package},
	urldate = {2023-08-27},
	institution={LaTeX Project Team},
	publisher={LaTeX Project Team},
	pagetotal={12},
	year={2023}
}
@techreport{longtable,
	author={David Carlisle},
	url={https://ctan.altspu.ru/macros/latex/required/tools/longtable.pdf},
	title={The longtable package},
	urldate = {2023-08-27},
	institution={LaTeX Project Team},
	publisher={LaTeX Project Team},
	pagetotal={27},
	year={2021},
	edition={v4.17}
}
@techreport{makecell,
	author={Ольга Лапко},
	url={https://mirror.macomnet.net/pub/CTAN/macros/latex/contrib/makecell/makecell-rus.pdf},
	title={Пакет makecell},
	urldate = {2023-08-27},
	institution={LaTeX Project Team},
	publisher={LaTeX Project Team},
	pagetotal={23},
	year={2009},
	edition={v0.1e}
}
@techreport{footnotehyper,
	author={Jean-François Burnol},
	url={https://mirror.macomnet.net/pub/CTAN/macros/latex/contrib/footnotehyper/footnotehyper.pdf},
	title={The footnotehyper package},
	urldate = {2023-08-27},
	institution={LaTeX Project Team},
	publisher={LaTeX Project Team},
	pagetotal={17},
	year={2021},
	edition={v1.1e}
}
@techreport{marginnote,
	author={Markus Kohm},
	url={https://mirrors.mi-ras.ru/CTAN/macros/latex/contrib/marginnote/marginnote.pdf},
	title={Non-Floating Margin Notes with marginnote Package},
	urldate = {2023-08-27},
	institution={LaTeX Project Team},
	publisher={LaTeX Project Team},
	pagetotal={16},
	year={2023},
	edition={v1.4c}
}
@techreport{algorithm2e,
	author={Christophe Fiorio},
	url={https://mirror.macomnet.net/pub/CTAN/macros/latex/contrib/algorithm2e/doc/algorithm2e.pdf},
	title={algorithm2e.sty — package for algorithms},
	urldate = {2023-08-27},
	institution={LaTeX Project Team},
	publisher={LaTeX Project Team},
	pagetotal={60},
	year={2017},
	edition={5.2}
}
@techreport{pgf-umlsd,
	author={Yuan Xu},
	url={https://mirror.macomnet.net/pub/CTAN/graphics/pgf/contrib/pgf-umlsd/pgf-umlsd-manual.pdf},
	title={Drawing UML Sequence Diagram by using pgf-umlsd},
	urldate = {2023-08-27},
	institution={LaTeX Project Team},
	publisher={LaTeX Project Team},
	pagetotal={8},
	year={2012},
	edition={v0.7}
}
@techreport{xcolor,
	author={Uwe Kern},
	url={https://mirror.macomnet.net/pub/CTAN/macros/latex/contrib/xcolor/xcolor.pdf},
	title={Extending \LaTeX{}’s color facilities: the xcolor package},
	urldate = {2023-08-27},
	institution={LaTeX Project Team},
	publisher={LaTeX Project Team},
	pagetotal={66},
	year={2022},
	edition={v2.14}
}
@techreport{listings,
	author={Carsten Heinz and Brooks Moses and Jobst Hoffmann},
	url={https://mirrors.mi-ras.ru/CTAN/macros/latex/contrib/listings/listings.pdf},
	title={The Listings Package},
	urldate = {2023-08-27},
	institution={LaTeX Project Team},
	publisher={LaTeX Project Team},
	pagetotal={64},
	year={2023},
	edition={1.9}
}
@online{listings-ctan,
	url={https://ctan.org/pkg/listings},
	title={CTAN: Package listings},
	urldate = {2023-08-27}
}
@techreport{minted,
	author={Geoffrey M. Poore and Konrad Rudolph},
	url={https://ctan.altspu.ru/macros/latex/contrib/minted/minted.pdf},
	title={The minted package: Highlighted source code in \LaTeX},
	urldate = {2023-08-27},
	institution={LaTeX Project Team},
	publisher={LaTeX Project Team},
	pagetotal={84},
	year={2023},
	edition={2.8}
}
@techreport{biblatex23,
	author={Philip Kime and Moritz Wemheuer and Philipp Lehman},
	url={https://ctan.altspu.ru/macros/latex/contrib/biblatex/doc/biblatex.pdf},
	title={The biblatex Package. Programmable Bibliographies and Citations},
	urldate = {2023-08-27},
	institution={LaTeX Project Team},
	publisher={LaTeX Project Team},
	pagetotal={357},
	year={2023},
	edition={3.19}
}
@inproceedings{latex-bibtex-example,
	author={Suyanto, Yohanes},
	booktitle={2018 4th International Conference on Science and Technology (ICST)},
	title={Numbered Musical Notation and LATEX Document Integration},
	year={2018},
	volume={},
	number={},
	pages={1-6},
	doi={10.1109/ICSTC.2018.8528296}
}
@techreport{easylist,
	author={Paul Isambert},
	url={https://mirror.truenetwork.ru/CTAN/macros/latex/contrib/easylist/easylist-doc.pdf},
	title={The easylist package for numbered items},
	urldate = {2023-08-27},
	institution={LaTeX Project Team},
	publisher={LaTeX Project Team},
	pagetotal={34},
	year={2014},
	edition={1.3}
}
@techreport{enumitem,
	author={Javier Bezos},
	url={https://mirror.macomnet.net/pub/CTAN/macros/latex/contrib/enumitem/enumitem.pdf},
	title={Customizing lists with the enumitem package},
	urldate = {2023-08-27},
	institution={LaTeX Project Team},
	publisher={LaTeX Project Team},
	pagetotal={23},
	year={2019},
	edition={3.9 2019-06-20}
}
@techreport{chemfig,
	author={Christian Tellechea},
	url={https://mirror.macomnet.net/pub/CTAN/macros/generic/chemfig/chemfig-en.pdf},
	title={chemfig A \TeX{} package for drawing molecules},
	urldate = {2023-08-27},
	institution={LaTeX Project Team},
	publisher={LaTeX Project Team},
	pagetotal={83},
	year={2023},
	edition={v1.6e}
}
@techreport{chemformula,
	author={Clemens Niederberger},
	url={https://mirror.macomnet.net/pub/CTAN/macros/latex/contrib/chemformula/chemformula-manual.pdf},
	title={chemformula Typeset chemical compounds and reactions},
	urldate = {2023-08-27},
	institution={LaTeX Project Team},
	publisher={LaTeX Project Team},
	pagetotal={40},
	year={2022},
	edition={v4.17}
}
@techreport{xymtex,
	author={Shinsaku Fujita},
	url={https://mirror.truenetwork.ru/CTAN/macros/latex/contrib/xymtex/doc/XyMTeX-manual.pdf},
	title={XYMTEX: Reliable Tool for Drawing Chemical Structural Formulas},
	urldate = {2023-08-27},
	institution={Shonan Institute of Chemoinformatics and Mathematical Chemistry},
	publisher={LaTeX Project Team},
	pagetotal={780},
	year={2013},
	edition={5.06}
}
@techreport{amsmath,
	url={https://mirror.truenetwork.ru/CTAN/macros/latex/required/amsmath/amsldoc.pdf},
	title={User’s Guide for the amsmath Package},
	urldate = {2023-08-27},
	institution={American Mathematical Society},
	publisher={LaTeX Project Team},
	pagetotal={44},
	year={2020},
	edition={2.1}
}
@techreport{mathtools,
	author={Morten Høgholm and Lars Madsen},
	url={https://mirrors.mi-ras.ru/CTAN/macros/latex/contrib/mathtools/mathtools.pdf},
	title={The mathtools package},
	urldate = {2023-08-27},
	institution={LaTeX Project Team},
	publisher={LaTeX Project Team},
	pagetotal={38},
	year={2022},
	edition={1.29}
}
@techreport{geometry,
	author={Hideo Umeki},
	url={https://mirrors.mi-ras.ru/CTAN/macros/latex/contrib/mathtools/mathtools.pdf},
	title={The geometry package},
	urldate = {2023-08-27},
	institution={LaTeX Project Team},
	publisher={LaTeX Project Team},
	pagetotal={42},
	year={2020},
	edition={v5.9}
}
@techreport{fontspec,
	author={Will Robertson},
	url={https://ctan.altspu.ru/macros/unicodetex/latex/fontspec/fontspec.pdf},
	title={The fontspec package. Font selection for \XeLaTeX{} and \LuaLaTeX},
	urldate = {2023-08-27},
	institution={LaTeX Project Team},
	publisher={LaTeX Project Team},
	pagetotal={66},
	year={2022},
	edition={v2.8a}
}
@techreport{graphicx,
	author={David Carlisle},
	url={https://mirrors.mi-ras.ru/CTAN/macros/latex/required/graphics/grfguide.pdf},
	title={Packages in the ‘graphics’ bundle},
	urldate = {2023-08-27},
	institution={LaTeX Project Team},
	publisher={LaTeX Project Team},
	pagetotal={16},
	year={2021}
}
@techreport{adjustbox,
	author={Martin Scharrer},
	url={https://ctan.altspu.ru/macros/latex/contrib/adjustbox/adjustbox.pdf},
	title={The adjustbox Package},
	urldate = {2023-08-27},
	institution={LaTeX Project Team},
	publisher={LaTeX Project Team},
	pagetotal={56},
	year={2022},
	edition={v1.3a}
}
@techreport{url-ctan,
	author={Donald Arseneau},
	url={https://ctan.altspu.ru/macros/latex/contrib/url/url.pdf},
	title={url.sty version 3.4},
	urldate = {2023-08-27},
	institution={LaTeX Project Team},
	publisher={LaTeX Project Team},
	pagetotal={6},
	year={2013}
}
@techreport{csquotes,
	author={Philipp Lehman and Joseph Wright},
	url={https://ctan.altspu.ru/macros/latex/contrib/csquotes/csquotes.pdf},
	title={The csquotes Package},
	urldate = {2023-08-27},
	institution={LaTeX Project Team},
	publisher={LaTeX Project Team},
	pagetotal={51},
	year={2022},
	edition={v5.2n}
}
@techreport{standard-latex-classes-pdf,
	author={Leslie Lamport and Frank Mittelbach and Johannes Braams},
	url={https://ctan.altspu.ru/macros/latex/base/classes.pdf},
	title={Standard Document Classes for \LaTeX{} version 2e},
	urldate = {2023-08-27},
	institution={LaTeX Project Team},
	publisher={LaTeX Project Team},
	pagetotal={58},
	year={2023},
	edition={v1.4n}
}
@techreport{pdflscape,
	author={Heiko Oberdiek},
	url={https://mirror.truenetwork.ru/CTAN/macros/latex/contrib/pdflscape/pdflscape.pdf},
	title={The pdflscape package},
	urldate = {2023-08-27},
	institution={LaTeX Project Team},
	publisher={LaTeX Project Team},
	pagetotal={11},
	year={2022},
	edition={v0.13}
}
