@article{ChusovLychev,
	title={Векторизация и распараллеливание полнословового длинного сложения},
	author={Андрей Александрович Чусов and Михаил Станиславович Лычев and Максим Алексеевич Гайда},
	pages={9-22},
	year={2022},
	journaltitle={Прикаспийский журнал: управление и высокие технологии.},
	number={4},
	volume={60},
	issn={2074-1707}
}
@inproceedings{ComputerAlgorithms,
	title={The Design and Analysis of Computer Algorithms},
	author={Alfred V. Aho and John E. Hopcroft and Jeffrey D. Ullman},
	year={1974},
	url={https://api.semanticscholar.org/CorpusID:29599075}
}
@inproceedings{Schonhage,
	author = {Sch\"{o}nhage, Arnold},
	title = {Asymptotically Fast Algorithms for the Numerical Multiplication and Division of Polynomials with Complex Coeficients},
	year = {1982},
	isbn = {3540116079},
	publisher = {Springer-Verlag},
	address = {Berlin, Heidelberg},
	booktitle = {Proceedings of the European Computer Algebra Conference on Computer Algebra},
	pages = {3–15},
	numpages = {13},
	series = {EUROCAM '82}
}
@inproceedings{NTT-Lattice,
	title={NFLlib: NTT-Based Fast Lattice Library},
	author={Carlos Aguilar Melchor and Joris Barrier and Serge Guelton and Adrien Guinet and Marc-Olivier Killijian and Tancr{\`e}de Lepoint},
	booktitle={The Cryptographer's Track at RSA Conference},
	year={2016},
	url={https://api.semanticscholar.org/CorpusID:10659403},
	pages={341–356}
}
@article{RingLWE-multiplication,
	author={Chen, Donald Donglong and Mentens, Nele and Vercauteren, Frederik and Roy, Sujoy Sinha and Cheung, Ray C. C. and Pao, Derek and Verbauwhede, Ingrid},
	journal={IEEE Transactions on Circuits and Systems I: Regular Papers},
	title={High-Speed Polynomial Multiplication Architecture for Ring-LWE and SHE Cryptosystems},
	year={2015},
	volume={62},
	number={1},
	pages={157-166},
	doi={10.1109/TCSI.2014.2350431}
}
@article{ArithmeticWithNTT,
	title = {Faster arithmetic for number-theoretic transforms},
	journal = {Journal of Symbolic Computation},
	volume = {60},
	pages = {113-119},
	year = {2014},
	issn = {0747-7171},
	doi = {https://doi.org/10.1016/j.jsc.2013.09.002},
	url = {https://www.sciencedirect.com/science/article/pii/S0747717113001181},
	author = {David Harvey}
}
@book{FFTs,
	title={Inside the FFT Black Box: Serial and Parallel Fast Fourier Transform Algorithms},
	author={Chu, E. and George, A.},
	isbn={9780849302701},
	series={Computational Mathematics Series},
	url={https://books.google.ru/books?id=MPzPzAEACAAJ},
	year={1999},
	publisher={CRC-Press}
}
@article{BrighamFFT,
	author={Brigham, E. O. and Morrow, R. E.},
	journal={IEEE Spectrum}, 
	title={The fast Fourier transform}, 
	year={1967},
	volume={4},
	number={12},
	pages={63-70},
	doi={10.1109/MSPEC.1967.5217220}
}
@inbook{FFT-convolutions,
	author={Nussbaumer, Henri J.},
	title={The Fast Fourier Transform},
	bookTitle={Fast Fourier Transform and Convolution Algorithms},
	year={1981},
	publisher={Springer Berlin Heidelberg},
	address={Berlin, Heidelberg},
	pages={80--111},
	isbn={978-3-662-00551-4},
	doi={10.1007/978-3-662-00551-4_4},
	url={https://doi.org/10.1007/978-3-662-00551-4_4}
}
@article{NT-in-DSP,
	author={Agarwal, R.},
	journal={IEEE Transactions on Acoustics, Speech, and Signal Processing}, 
	title={Number theory in digital signal processing}, 
	year={1980},
	volume={28},
	number={2},
	pages={265-266},
	doi={10.1109/TASSP.1980.1163371}
}
@article{FFT-over-FF,
	title={The fast Fourier transform in a finite field},
	author={J. M. Pollard},
	journal={Mathematics of Computation},
	year={1971},
	volume={25},
	pages={365-374},
	url={https://api.semanticscholar.org/CorpusID:123174851}
}
@article{IrregularPrimes,
	author = {{Buhler}, J.~P. and {Crandall}, R.~E. and {Sompolski}, R.~W.},
	title = "{Irregular primes to one million}",
	journal = {Mathematics of Computation},
	year = 1992,
	month = oct,
	volume = {59},
	number = {200},
	pages = {717-722},
	doi = {10.1090/S0025-5718-1992-1134717-4},
	adsurl = {https://ui.adsabs.harvard.edu/abs/1992MaCom..59..717B},
	adsnote = {Provided by the SAO/NASA Astrophysics Data System}
}
@article{CT-FFT,
	ISSN = {00255718, 10886842},
	URL = {http://www.jstor.org/stable/2003354},
	author = {James W. Cooley and John W. Tukey},
	journal = {Mathematics of Computation},
	number = {90},
	pages = {297--301},
	publisher = {American Mathematical Society},
	title = {An Algorithm for the Machine Calculation of Complex Fourier Series},
	urldate = {2023-11-01},
	volume = {19},
	year = {1965}
}
@inproceedings{loop-ntt,
	author={Kawamura, Kazushi and Yanagisawa, Masao and Togawa, Nozomu},
	booktitle={2018 19th International Symposium on Quality Electronic Design (ISQED)}, 
	title={A loop structure optimization targeting high-level synthesis of fast number theoretic transform}, 
	year={2018},
	volume={},
	number={},
	pages={106-111},
	doi={10.1109/ISQED.2018.8357273}
}
@ARTICLE{ArithmeticsForFNT,
	author={Leibowitz, L.},
	journal={IEEE Transactions on Acoustics, Speech, and Signal Processing}, 
	title={A simplified binary arithmetic for the Fermat number transform}, 
	year={1976},
	volume={24},
	number={5},
	pages={356-359},
	doi={10.1109/TASSP.1976.1162834}
}
@inproceedings{KaratsubaForHomomorphicEncryption,
	author={Foster, Michael J. and Łukowiak, Marcin and Radziszowski, Stanisław},
	booktitle={2019 MIXDES - 26th International Conference "Mixed Design of Integrated Circuits and Systems"}, 
	title={Flexible HLS-Based Implementation of the Karatsuba Multiplier Targeting Homomorphic Encryption Schemes}, 
	year={2019},
	volume={},
	number={},
	pages={215-220},
	doi={10.23919/MIXDES.2019.8787132}
}
@book{crandallprimes,
	title={Prime Numbers: A Computational Perspective},
	author={Crandall, R. and Pomerance, C.B.},
	isbn={9780387289793},
	lccn={2005923504},
	series={Lecture notes in statistics},
	url={https://books.google.ru/books?id=ZXjHKPS1LEAC},
	year={2006},
	publisher={Springer New York}
}
@article{NTT-using-cyclotomic-polynomials,
	ISSN = {00255718, 10886842},
	URL = {http://www.jstor.org/stable/2008663},
	author = {R. Creutzburg and M. Tasche},
	journal = {Mathematics of Computation},
	number = {185},
	pages = {189--200},
	publisher = {American Mathematical Society},
	title = {Parameter Determination for Complex Number-Theoretic Transforms Using Cyclotomic Polynomials},
	urldate = {2023-11-01},
	volume = {52},
	year = {1989}
}
@mastersthesis{fast-multiplication-long-ints,
	author={Sonja Benz},
	title={Fast multiplication of multiple-precision integers},
	institution={Rochester Institute of Technology},
	year={1991}
}
@article{PerformanceOfParallelFFT,
	author = {Meiyappan, Somasundaram},
	year = {2023},
	month = {11},
	pages = {},
	title = {Implementation and performance evaluation of parallel FFT algorithms}
}
@article{БПФ,
	author = {Д. Д. Кошелева and А. В. Доронина},
	year = {2021},
	title = {Преобразование Фурье и быстрое преобразование Фурье},
	journal = {Инновации. Наука. Образование},
	number={38},
	pages = {626-632},
	publisher={Индивидуальный предприниматель Зоркин Владимир Анатольевич},
	location={Тольятти}
}
@techreport{ft-spectroscopy-techreport,
	author = {John E. Bertie},
	title={IUPAC Recommendations 1998},
	subtitle ={Specification of Components, Methods, and Parameters in Fourier Transform Spectroscopy by Michelson and Related Interferometers},
	journal = {Applied Spectroscopy},
	volume = {55},
	number = {4},
	pages = {510-513},
	year = {2001},
	doi = {10.1366/0003702011952055},
	URL = {https://doi.org/10.1366/0003702011952055},
	eprint = {https://doi.org/10.1366/0003702011952055}
}
@standard{infrared-spectroscopy-gost,
	title={ГОСТ Р 57987-2017. Композиты Полимерные},
	subtitle={Инфракрасная спектроскопия. Многомерный количественный анализ},
	type={Национальный стандарт Российской Федерации},
	month={6},
	year={2018},
	organization={ФГУП "Всероссийский научно-исследовательский институт авиационных материалов"},
	organization={АНО "Центр нормирования, стандартизации и классификации композитов"}
}
@standard{cosmic-materials-gost,
	title={ГОСТ Р ИСО 14624-3-2010. Системы космические. Безопасность и совместимость материалов.},
	subtitle={Часть 3. Определение отходящих газов из материалов и смонтированных изделий},
	type={Национальный стандарт Российской Федерации},
	month={1},
	year={2012},
	organization={ФГУП "Всероссийский научно-исследовательский центр стандартизации, информации и сертификации сырья, материалов и веществ"}
}
@standard{cosmic-materials-iso,
	title={ISO 14624-3:2005. Space systems. Safety and compatibility of materials.},
	subtitle={Part 3. Determination of offgassed products from materials and assembled articles},
	type={International Standard},
	month={1},
	year={2005},
	organization={International Organization for Standardization TC 20/SC 14}
}
@manual{IntelManual,
	url = {https://www.intel.com/content/www/us/en/develop/download/intel-64-and-ia-32-architectures-sdm-combined-volumes-1-2a-2b-2c-2d-3a-3b-3c-3d-and-4.html},
	keywords = {Architectures Manual},
	organization = {Intel Corporation},
	title = {Intel® 64 and IA-32 Architectures Software Developer’s Manual},
	year = 2021
}
@manual{ArmManual,
	url = {https://developer.arm.com/documentation/ddi0487/gb/},
	keywords = {Architectures Manual},
	organization = {ARM Limited},
	title = {Arm® Architecture Reference Manual Armv8, for {A}-profile architecture},
	year = 2021
}